<?xml version='1.0' encoding='UTF-8'?>
<record xmlns="http://www.loc.gov/MARC21/slim">
  <leader>01681cam a2200349K  4500</leader>
  <controlfield tag="001">3334787</controlfield>
  <controlfield tag="003">NjP</controlfield>
  <controlfield tag="005">20180109174923.0</controlfield>
  <controlfield tag="008">991209s1950    le a          000 0 ara d</controlfield>
  <datafield tag="024" ind1="7" ind2=" ">
    <subfield code="a">princeton_aco002522</subfield>
    <subfield code="2">local</subfield>
  </datafield>
  <datafield ind1=" " ind2=" " tag="035">
    <subfield code="a">(OCoLC)ocn642191645</subfield>
  </datafield>
  <datafield ind1=" " ind2=" " tag="035">
    <subfield code="a">(OCoLC)ocm42963071</subfield>
  </datafield>
  <datafield ind1=" " ind2=" " tag="040">
    <subfield code="a">PUL</subfield>
    <subfield code="c">PUL</subfield>
    <subfield code="d">OCLCQ</subfield>
    <subfield code="d">OCLCG</subfield>
    <subfield code="d">PUL</subfield>
  </datafield>
  <datafield ind1=" " ind2=" " tag="066">
    <subfield code="c">(3</subfield>
  </datafield>
  <datafield ind1=" " ind2=" " tag="035">
    <subfield code="a">(OCoLC)642191645</subfield>
  </datafield>
  <datafield ind1=" " ind2=" " tag="079">
    <subfield code="a">ocm42963071</subfield>
  </datafield>
  <datafield ind1=" " ind2=" " tag="090">
    <subfield code="a">PJ8074</subfield>
    <subfield code="b">.S542 1950</subfield>
  </datafield>
  <datafield ind1=" " ind2=" " tag="049">
    <subfield code="a">PULL</subfield>
  </datafield>
  <datafield ind1="1" ind2=" " tag="100">
    <subfield code="6">880-01</subfield>
    <subfield code="a">Shiblī, Anṭūniyūs.</subfield>
  </datafield>
  <datafield ind1="1" ind2="3" tag="245">
    <subfield code="6">880-02</subfield>
    <subfield code="a">al-Shidyāq wa-al-Yāzijī;</subfield>
    <subfield code="b">munāqashah ʻilmīyah adabīyah sanat 1871 bayna al-shaykhayn Fāris al-Shidyāq wa-Ibrāhīm al-Yāzijī, yalīha ʻiddat mukhtārāt min nafathāt aqlāmihimā.</subfield>
  </datafield>
  <datafield ind1=" " ind2=" " tag="260">
    <subfield code="6">880-03</subfield>
    <subfield code="a">[Jūniyah],</subfield>
    <subfield code="c">1950.</subfield>
  </datafield>
  <datafield ind1=" " ind2=" " tag="300">
    <subfield code="a">349 p. :</subfield>
    <subfield code="b">ill.;</subfield>
    <subfield code="c">25 cm.</subfield>
  </datafield>
  <datafield ind1=" " ind2=" " tag="546">
    <subfield code="a">In Arabic.</subfield>
  </datafield>
  <datafield ind1=" " ind2="0" tag="650">
    <subfield code="a">Arabic literature</subfield>
    <subfield code="z">Lebanon</subfield>
    <subfield code="y">19th century</subfield>
    <subfield code="x">History and criticism.</subfield>
  </datafield>
  <datafield ind1="1" ind2=" " tag="700">
    <subfield code="6">880-04</subfield>
    <subfield code="a">Shidyāq, Aḥmad Fāris,</subfield>
    <subfield code="d">1804?-1887.</subfield>
    <subfield code="0">http://id.loc.gov/authorities/names/n85830020</subfield>
  </datafield>
  <datafield ind1="1" ind2=" " tag="700">
    <subfield code="6">880-05</subfield>
    <subfield code="a">Yāzijī, Ibrāhīm,</subfield>
    <subfield code="d">1847-1906.</subfield>
    <subfield code="0">http://id.loc.gov/authorities/names/n82032121</subfield>
  </datafield>
  <datafield ind1="1" ind2=" " tag="880">
    <subfield code="6">100-01/(3/r</subfield>
    <subfield code="a">شبلي، انطونيوس.</subfield>
  </datafield>
  <datafield ind1="1" ind2="2" tag="880">
    <subfield code="6">245-02/(3/r</subfield>
    <subfield code="a">الشدياق واليازجي؛</subfield>
    <subfield code="b">مناقشة علمية ادبية سنة 1871 بين الشيخين فارس الشدياق وابراهيم اليازجي، يليه عدة مختارات من نفثات اقلامهما.</subfield>
  </datafield>
  <datafield ind1=" " ind2=" " tag="880">
    <subfield code="6">260-03/(3/r</subfield>
    <subfield code="a">[جونية]،</subfield>
    <subfield code="c">1950.</subfield>
  </datafield>
  <datafield ind1="1" ind2=" " tag="880">
    <subfield code="6">700-04/(3/r</subfield>
    <subfield code="a">شدياق، احمد فارس،</subfield>
    <subfield code="d">1804؟1887.</subfield>
  </datafield>
  <datafield ind1="1" ind2=" " tag="880">
    <subfield code="6">700-05/(3/r</subfield>
    <subfield code="a">يازجي، ابراهيم،</subfield>
    <subfield code="d">1847-1906.</subfield>
  </datafield>
  <datafield ind1=" " ind2=" " tag="994">
    <subfield code="a">C0</subfield>
    <subfield code="b">PUL</subfield>
  </datafield>
  <datafield ind1=" " ind2=" " tag="999">
    <subfield code="a">3334787</subfield>
  </datafield>
  <datafield ind1=" " ind2=" " tag="902">
    <subfield code="a">jab</subfield>
    <subfield code="b">r</subfield>
    <subfield code="6">a</subfield>
    <subfield code="7">m</subfield>
    <subfield code="d">v</subfield>
    <subfield code="f">0</subfield>
    <subfield code="e">20100617</subfield>
  </datafield>
  <datafield ind1="0" ind2=" " tag="852">
    <subfield code="0">3663542</subfield>
    <subfield code="b">nec</subfield>
    <subfield code="h">PJ8074</subfield>
    <subfield code="i">.S542 1950</subfield>
  </datafield>
  <datafield ind1=" " ind2=" " tag="959">
    <subfield code="a">2006-10-02 08:47:56 -0500</subfield>
  </datafield>
</record>
